<?xml version='1.0' encoding='UTF-8'?>
<record xmlns="http://www.loc.gov/MARC21/slim">
  <leader>01661cam a22003375  4500</leader>
  <controlfield tag="001">2788367</controlfield>
  <controlfield tag="003">NjP</controlfield>
  <controlfield tag="005">20171013181129.0</controlfield>
  <controlfield tag="008">991123s1963    ir a     b    000 0 ara d</controlfield>
  <datafield tag="024" ind1="7" ind2=" ">
    <subfield code="a">princeton_aco003136</subfield>
    <subfield code="2">local</subfield>
  </datafield>
  <datafield ind1=" " ind2=" " tag="035">
    <subfield code="a">(OCoLC)ocn178699004</subfield>
  </datafield>
  <datafield ind1=" " ind2=" " tag="035">
    <subfield code="a">(OCoLC)ocm42874004</subfield>
  </datafield>
  <datafield ind1=" " ind2=" " tag="035">
    <subfield code="a">(OCoLC)178699004</subfield>
  </datafield>
  <datafield ind1=" " ind2=" " tag="035">
    <subfield code="9">CNJ7451TS</subfield>
  </datafield>
  <datafield ind1=" " ind2=" " tag="035">
    <subfield code="a">(NjP)2788367</subfield>
  </datafield>
  <datafield ind1=" " ind2=" " tag="040">
    <subfield code="a">PUL</subfield>
    <subfield code="c">PUL</subfield>
    <subfield code="d">PUL</subfield>
  </datafield>
  <datafield ind1=" " ind2=" " tag="049">
    <subfield code="a">PULL</subfield>
  </datafield>
  <datafield ind1=" " ind2=" " tag="079">
    <subfield code="a">ocm42874004</subfield>
  </datafield>
  <datafield ind1="0" ind2="0" tag="245">
    <subfield code="6">880-01</subfield>
    <subfield code="a">Dhikrā al-imām al-Ṣādiq baʻda murūr thalāthat ʻashar qarnan.</subfield>
    <subfield code="b">Yādbūd-i guzasht-i sīzdahumīn qarn bar tavallud-i imām-i shishum ...</subfield>
    <subfield code="c">kataba al-qism al-awwal ʻĪsā ʻAbd al-Ḥamīd al-Khāqānī.</subfield>
  </datafield>
  <datafield ind1="3" ind2="0" tag="246">
    <subfield code="a">Yādbūd-i guz̲asht-i sīzdahumnīn qarn bar tavallud-i imām-i shishum</subfield>
  </datafield>
  <datafield ind1=" " ind2=" " tag="260">
    <subfield code="a">[Khurramshahr,</subfield>
    <subfield code="b">Jamʻīyat al-Birr wa-al-Iḥsān]</subfield>
    <subfield code="c">1383 [1963]</subfield>
  </datafield>
  <datafield ind1=" " ind2=" " tag="300">
    <subfield code="a">230 p.</subfield>
    <subfield code="b">illus.</subfield>
    <subfield code="c">25 cm.</subfield>
  </datafield>
  <datafield ind1=" " ind2=" " tag="546">
    <subfield code="a">In Arabic.</subfield>
  </datafield>
  <datafield ind1=" " ind2=" " tag="504">
    <subfield code="a">Includes bibliographical references.</subfield>
  </datafield>
  <datafield ind1="0" ind2="0" tag="600">
    <subfield code="6">880-02</subfield>
    <subfield code="a">Jaʻfar al-Ṣādiq,</subfield>
    <subfield code="d">702?-765 or 766.</subfield>
    <subfield code="0">http://id.loc.gov/authorities/names/n84033098</subfield>
  </datafield>
  <datafield ind1="1" ind2=" " tag="700">
    <subfield code="6">880-03</subfield>
    <subfield code="a">Khāqānī, ʻĪsā ʻAbd al-Ḥamīd.</subfield>
  </datafield>
  <datafield ind1="0" ind2="0" tag="880">
    <subfield code="6">245-01/r</subfield>
    <subfield code="a">ذكرا الامام الصادق بعد مرور ثلاثة عشر قرنن.</subfield>
    <subfield code="b">يادبودا گزشتا سيزدهمين قرن بر تڤلدا اماما ششم ...</subfield>
    <subfield code="c">كتب القسم الاول عيسا عبد الحميد الخاقاني.</subfield>
  </datafield>
  <datafield ind1="0" ind2="4" tag="880">
    <subfield code="6">600-02/r</subfield>
    <subfield code="a">جعفر الصادق،</subfield>
    <subfield code="d">702?-765 or 766.</subfield>
  </datafield>
  <datafield ind1="1" ind2=" " tag="880">
    <subfield code="6">700-03/r</subfield>
    <subfield code="a">خاقاني، عيسا عبد الحميد.</subfield>
  </datafield>
  <datafield ind1=" " ind2=" " tag="911">
    <subfield code="a">20000130</subfield>
  </datafield>
  <datafield ind1=" " ind2=" " tag="994">
    <subfield code="a">C0</subfield>
    <subfield code="b">PUL</subfield>
  </datafield>
  <datafield ind1=" " ind2=" " tag="999">
    <subfield code="a">2788367</subfield>
  </datafield>
  <datafield ind1="0" ind2="0" tag="852">
    <subfield code="0">3099331</subfield>
    <subfield code="b">rcppa</subfield>
    <subfield code="t">1</subfield>
    <subfield code="h">BP193.16.A3</subfield>
    <subfield code="i">D455 1963</subfield>
    <subfield code="x">tr fr nec</subfield>
  </datafield>
  <datafield ind1=" " ind2=" " tag="959">
    <subfield code="a">2009-06-30 13:35:41 -0400</subfield>
  </datafield>
</record>
